<?xml version="1.0" encoding="UTF-8" ?>
<record Numero="13919501" format="InterXMarc_Complet" type="Authority">
<leader>00332c1 au22000272  45  <Pos Code="0004">00332</Pos>
<Pos Code="05" Sens="notice modifiée">c</Pos>
<Pos Code="06" Sens="notice validée en catalogage courant">1</Pos>
<Pos Code="08" Sens="notice d&apos;autorité">a</Pos>
<Pos Code="09" Sens="titre uniforme musical (TUM)">u</Pos>
<Pos Code="10">2</Pos>
<Pos Code="11">2</Pos>
<Pos Code="1216">00027</Pos>
<Pos Code="17" Sens="autres cas">2</Pos>
<Pos Code="20">4</Pos>
<Pos Code="21">5</Pos>
</leader>
<controlfield tag="001">FRBNF139195010<Pos Code="0001">FR</Pos>
<Pos Code="0204">BNF</Pos>
<Pos Code="0512">13919501</Pos>
<Pos Code="13">0</Pos>
</controlfield>
<controlfield tag="008">890821131210yy    dui       1953                             1   <Pos Code="0001">89</Pos>
<Pos Code="0203">08</Pos>
<Pos Code="0405">21</Pos>
<Pos Code="0607">13</Pos>
<Pos Code="0809">12</Pos>
<Pos Code="1011">10</Pos>
<Pos Code="1213" Sens="ne s&apos;applique pas">yy</Pos>
<Pos Code="1820" Sens="duo instrumental">dui</Pos>
<Pos Code="2831">1953</Pos>
<Pos Code="61" Sens="La vedette peut être liée à une notice bibliographique sauf pour l&apos;accès matière RAMEAU">1</Pos>
</controlfield>
<datafield tag="048" ind1=" " ind2=" ">
	<subfield code="a">ka02<Pos Code="0001" Sens="clavier - piano">ka</Pos>
<Pos Code="02">0</Pos>
<Pos Code="03">2</Pos>
</subfield>
</datafield>
<datafield tag="100" ind1=" " ind2=" ">
	<subfield code="3">13892473</subfield>
	<subfield code="w">.0..ba....</subfield>
	<subfield code="a">Šostakovič</subfield>
	<subfield code="m">Dmitrij Dmitrievič</subfield>
	<subfield code="d">1906-1975</subfield>
</datafield>
<datafield tag="144" ind1="1" ind2=" ">
	<subfield code="w">....b.fre.</subfield>
	<subfield code="a">Concertinos</subfield>
	<subfield code="b">Pianos (2)</subfield>
	<subfield code="p">Op. 94</subfield>
</datafield>
<datafield tag="600" ind1=" " ind2=" ">
	<subfield code="a">Date de composition : 1953</subfield>
</datafield>
<datafield tag="610" ind1=" " ind2=" ">
	<subfield code="a">Grove 7</subfield>
</datafield>
<datafield tag="917" ind1=" " ind2=" ">
	<subfield code="o">OPC</subfield>
	<subfield code="a">100494340</subfield>
</datafield>
<Alter Ori="13892473">
<datafield tag="100" ind1=" " ind2=" ">
	<subfield code="w">.0..c.....</subfield>
	<subfield code="a">Шостакович</subfield>
	<subfield code="m">Дмитрий Дмитриевич</subfield>
	<subfield code="d">1906-1975</subfield>
</datafield>
<datafield tag="400" ind1=" " ind2=" ">
	<subfield code="w">....bx....</subfield>
	<subfield code="a">Chostakovitch</subfield>
	<subfield code="m">Dmitri Dmitrievitch</subfield>
	<subfield code="d">1906-1975</subfield>
</datafield>
<datafield tag="400" ind1=" " ind2=" ">
	<subfield code="w">....b.....</subfield>
	<subfield code="a">Chostakovitch</subfield>
	<subfield code="m">Dimitri</subfield>
	<subfield code="d">1906-1975</subfield>
</datafield>
<datafield tag="400" ind1=" " ind2=" ">
	<subfield code="w">....b.eng.</subfield>
	<subfield code="a">Shostakovich</subfield>
	<subfield code="m">Dmitri</subfield>
	<subfield code="d">1906-1975</subfield>
</datafield>
<datafield tag="400" ind1=" " ind2=" ">
	<subfield code="w">....b.ger.</subfield>
	<subfield code="a">Schostakowitsch</subfield>
	<subfield code="m">Dmitri</subfield>
	<subfield code="d">1906-1975</subfield>
</datafield>
<datafield tag="400" ind1=" " ind2=" ">
	<subfield code="w">....b.eng.</subfield>
	<subfield code="a">Shostakovich</subfield>
	<subfield code="m">Dmitry Dmitriyevich</subfield>
	<subfield code="d">1906-1975</subfield>
</datafield>
</Alter>
<Attr Nom="IDPerenne">ark:/12148/cb139195017</Attr>
<Attr Nom="NumSource">OPC 100494340</Attr>
<Attr Nom="Source" Sens="BnF catalogue général (depuis 1999)">A</Attr>
<Attr Nom="NumAutoriteLiee">13892473</Attr>
<Attr Nom="DateCreation">21/08/ 1989</Attr>
<Attr Nom="ResponsableCreation">MIGV2</Attr>
<Attr Nom="StructCreation">1</Attr>
<Attr Nom="DateDerniereValidation">10/12/ 2013</Attr>
<Attr Nom="ResponsableDerniereValidation">GOY FRANCOIS</Attr>
<Attr Nom="StructPremiereValidation">1</Attr>
<Attr Nom="DatePremiereValidation">21/08/ 1989</Attr>
<Attr Nom="ResponsablePremiereValidation">MIGV2</Attr>
<Attr Nom="StructDerniereValidation">37</Attr>
<Attr Nom="NumSource">OPP 16378373</Attr>
</record>
